<?xml version="1.0" encoding="UTF-8"?><record xmlns="http://www.loc.gov/MARC21/slim" xmlns:cinclude="http://apache.org/cocoon/include/1.0" xmlns:zs="http://www.loc.gov/zing/srw/">
  <leader>00429nz  a2200133n  4500</leader>
  <controlfield tag="001">no2012034162</controlfield>
  <controlfield tag="003">DLC</controlfield>
  <controlfield tag="005">20120310075441.0</controlfield>
  <controlfield tag="008">120308n| acannaabn          |n aaa     c</controlfield>
  <datafield tag="010" ind1=" " ind2=" ">
    <subfield code="a">no2012034162</subfield>
  </datafield>
  <datafield tag="035" ind1=" " ind2=" ">
    <subfield code="a">(OCoLC)oca09137295</subfield>
  </datafield>
  <datafield tag="040" ind1=" " ind2=" ">
    <subfield code="a">NjP</subfield>
    <subfield code="b">eng</subfield>
    <subfield code="c">NjP</subfield>
  </datafield>
  <datafield tag="100" ind1="1" ind2=" ">
    <subfield code="a">Yazıcı, Numan,</subfield>
    <subfield code="d">1943-2009</subfield>
  </datafield>
  <datafield tag="670" ind1=" " ind2=" ">
    <subfield code="a">Ülkesine adanmış bir ömür, 2011:</subfield>
    <subfield code="b">t.p. (Numan Yazıcı) p. 19, etc. (b. Mar. 1, 1943 in Eleşkirt; d. June 3, 2009)</subfield>
  </datafield>
</record>